<?xml version="1.0" encoding="UTF-8"?><collection xmlns="http://www.loc.gov/MARC21/slim"><record><leader>00415nam--2200133-i-4500</leader><controlfield tag="001">000017024</controlfield><controlfield tag="002">20161230</controlfield><controlfield tag="005">20161230201032</controlfield><controlfield tag="008">060222s1000------------r-----000-0-eng-d</controlfield><datafield ind1=" " ind2=" " tag="080"><subfield code="a">621.224</subfield></datafield><datafield ind1=" " ind2=" " tag="100"><subfield code="a">Anton, Ioan, Campian, Viorel Si Carte, Iuliu</subfield></datafield><datafield ind1=" " ind2=" " tag="245"><subfield code="a">Hidrodinamica turbinelor bulb si a turbinelor pompe bulb. coordonator: acad. ioan anton</subfield></datafield><datafield ind1=" " ind2=" " tag="260"><subfield code="a">Bucuresti, Editura Tehnica, 1988 360 P</subfield></datafield><datafield ind1=" " ind2=" " tag="852"><subfield code="a">79687</subfield></datafield></record></collection>